<?xml version="1.0" encoding="UTF-8"?><collection xmlns="http://www.loc.gov/MARC21/slim"><record><leader>00391nam--2200145-i-4500</leader><controlfield tag="001">000028890</controlfield><controlfield tag="002">20161230</controlfield><controlfield tag="005">20161230201037</controlfield><controlfield tag="008">060222s1000------------r-----000-0-eng-d</controlfield><datafield ind1=" " ind2=" " tag="080"><subfield code="a">517:530.1</subfield></datafield><datafield ind1=" " ind2=" " tag="100"><subfield code="a">Essen, Matts</subfield></datafield><datafield ind1=" " ind2=" " tag="245"><subfield code="a">Studies on a convolution inequality</subfield></datafield><datafield ind1=" " ind2=" " tag="260"><subfield code="a">Uppsala, Almqvist &amp; Wiksells Botryckeri, 1963. 6p</subfield></datafield><datafield ind1=" " ind2=" " tag="490"><subfield code="a">Acta Universitatis Upsaliensis</subfield></datafield><datafield ind1=" " ind2=" " tag="852"><subfield code="a">10949</subfield></datafield></record></collection>